<record><leader>00000cas a2200000 a 4500</leader><controlfield tag="001">12264860</controlfield><controlfield tag="008">850715d18731966miuwr ne      0    0eng c</controlfield><datafield ind1=" " ind2=" " tag="010"><subfield code="a">sn 85026523 </subfield></datafield><datafield ind1=" " ind2=" " tag="040"><subfield code="a">NPX</subfield><subfield code="b">eng</subfield><subfield code="c">NPX</subfield><subfield code="d">MGN</subfield><subfield code="d">MHN</subfield><subfield code="d">OCL</subfield><subfield code="d">OCLCQ</subfield><subfield code="d">OCLCF</subfield><subfield code="d">OCLCO</subfield></datafield><datafield ind1="1" ind2=" " tag="029"><subfield code="a">AU@</subfield><subfield code="b">000020382959</subfield></datafield><datafield ind1=" " ind2=" " tag="042"><subfield code="a">pcc</subfield></datafield><datafield ind1=" " ind2=" " tag="043"><subfield code="a">n-us-mi</subfield></datafield><datafield ind1="0" ind2=" " tag="130"><subfield code="a">Nashville news (Nashville, Mich.)</subfield></datafield><datafield ind1="1" ind2="4" tag="245"><subfield code="a">The Nashville news.</subfield></datafield><datafield ind1=" " ind2=" " tag="260"><subfield code="a">Nashville, Barry Co., Mich. :</subfield><subfield code="b">Orno Strong</subfield></datafield><datafield ind1=" " ind2=" " tag="300"><subfield code="a">v.</subfield></datafield><datafield ind1=" " ind2=" " tag="310"><subfield code="a">Weekly</subfield></datafield><datafield ind1="0" ind2=" " tag="362"><subfield code="a">Vol. 1, no. 1 (Oct. 3, 1873)-v. 94, no. 10 (Aug. 4, 1966).</subfield></datafield><datafield ind1=" " ind2=" " tag="500"><subfield code="a">Editor: Orno Strong, &lt;1876&gt;.</subfield></datafield><datafield ind1=" " ind2=" " tag="515"><subfield code="a">Aug. 4, 1966 issue combined with: Vermontville echo, called: Vacation issue.</subfield></datafield><datafield ind1=" " ind2=" " tag="580"><subfield code="a">Merged with: Vermontville echo, to form: Maple Valley news.</subfield></datafield><datafield ind1=" " ind2="0" tag="651"><subfield code="a">Nashville (Mich.)</subfield><subfield code="v">Newspapers.</subfield></datafield><datafield ind1=" " ind2="0" tag="651"><subfield code="a">Barry County (Mich.)</subfield><subfield code="v">Newspapers.</subfield></datafield><datafield ind1=" " ind2="7" tag="655"><subfield code="a">Newspapers.</subfield><subfield code="2">fast</subfield><subfield code="0">(OCoLC)fst01423814</subfield></datafield><datafield ind1=" " ind2="7" tag="651"><subfield code="a">Michigan</subfield><subfield code="z">Barry County.</subfield><subfield code="2">fast</subfield><subfield code="0">(OCoLC)fst01214759</subfield></datafield><datafield ind1=" " ind2="7" tag="651"><subfield code="a">Michigan</subfield><subfield code="z">Nashville.</subfield><subfield code="2">fast</subfield><subfield code="0">(OCoLC)fst01281995</subfield></datafield><datafield ind1=" " ind2=" " tag="752"><subfield code="a">United States</subfield><subfield code="b">Michigan</subfield><subfield code="c">Barry</subfield><subfield code="d">Nashville.</subfield></datafield><datafield ind1="1" ind2="7" tag="785"><subfield code="t">Vermontville echo</subfield><subfield code="w">(DLC)sn 86086614</subfield><subfield code="w">(OCoLC)14763635</subfield></datafield><datafield ind1="1" ind2="7" tag="785"><subfield code="t">Maple Valley news (Nashville, Mich.)</subfield><subfield code="w">(DLC)sn 96077331</subfield><subfield code="w">(OCoLC)36032125</subfield></datafield></record>